<?xml version="1.0" encoding="UTF-8"?><collection xmlns="http://www.loc.gov/MARC21/slim"><record><leader>00555nam--2200181-i-4500</leader><controlfield tag="001">000031536</controlfield><controlfield tag="002">20161230</controlfield><controlfield tag="005">20161230201038</controlfield><controlfield tag="008">060222s1000------------r-----000-0-fre-d</controlfield><datafield ind1=" " ind2=" " tag="040"><subfield code="a">IFIN-HH</subfield></datafield><datafield ind1=" " ind2=" " tag="041"><subfield code="a">fre</subfield></datafield><datafield ind1=" " ind2=" " tag="080"><subfield code="a">539.186(043)</subfield></datafield><datafield ind1="1" ind2=" " tag="100"><subfield code="a">Matrat-reynaud, Cecile</subfield></datafield><datafield ind1="1" ind2="0" tag="245"><subfield code="a">L`echange de charge dans les collisions he+/alcalin. formation d`un faisceau d`helium metastable</subfield><subfield code="b">These</subfield><subfield code="c">Cecile matrat-reynaud</subfield></datafield><datafield ind1=" " ind2=" " tag="260"><subfield code="a">Paris</subfield><subfield code="b">Universite Pierre Et Marie Curie</subfield><subfield code="c">1979</subfield></datafield><datafield ind1=" " ind2=" " tag="300"><subfield code="a">114P</subfield></datafield><datafield ind1=" " ind2=" " tag="852"><subfield code="a">49638</subfield><subfield code="c">539.18</subfield></datafield><datafield ind1=" " ind2=" " tag="CAT"><subfield code="a">Sys</subfield><subfield code="c">20120706</subfield><subfield code="h">121410</subfield></datafield></record></collection>